@book{manber1989iac,
  title={{Introduction to algorithms: a creative approach}},
  author={Manber, U.},
  year={1989},
  publisher={Addison-Wesley Longman Publishing Co., Inc. Boston, MA, USA}
}

@book{cormen2001ia,
  title={{Introduction to algorithms}},
  author={Cormen, T.H. and Leiserson, C.E. and Rivest, R.L. and Stein, C.},
  year={2001},
  publisher={MIT press}
}

@book{wolsey2000ip,
  title={{Integer programming}},
  author={Wolsey, L.A.},
  year={2000},
  publisher={Wiley Interscience Publications}
}

@article{beasley1993lr,
  title={{Lagrangean relaxation}},
  author={Beasley, J.E.},
  year={1993},
  publisher={John Wiley \& Sons, Inc. New York, NY, USA}
}
